%% This BibTeX bibliography file was created using BibDesk.
%% http://bibdesk.sourceforge.net/

%% Created for Freddy Íñiguez López at 2015-12-05 06:48:30 -0600 


%% Saved with string encoding Unicode (UTF-8) 



@techreport{globalsustainabilityreport,
	Author = {United Nations General Secretary},
	Date-Added = {2015-12-05 12:46:09 +0000},
	Date-Modified = {2015-12-05 12:47:18 +0000},
	Institution = {United Nations},
	Title = {UN General Secretary High-level for Global Sustainability report},
	Year = {2012}}
